@online{corporateit,
  author  = {Corporateit},
  year    = {2021},
  title   = {Beetrack duplica su cartera de clientes y su facturación creció en más de un 80\%},
  journal = {Corporateit},
  url     = {https://corporateit.cl/index.php/2021/03/04/beetrack-duplica-su-cartera-de-clientes-y-su-facturacion-crecio-en-mas-de-un-80/},
  urldate = {2021-11-03}
}

@online{scrum_definition,
  author  = {APD},
  year    = {2019},
  title   = {¿Cómo aplicar la metodología \textit{Scrum} en tus proyectos empresariales?},
  url     = {https://www.apd.es/metodologia-scrum-que-es/},
  urldate = {2021-11-08}
}

@online{gitflow_diagram,
  author  = {Atlassian},
  year    = {2021},
  title   = {Gitflow Workflow},
  url     = {https://www.atlassian.com/git/tutorials/comparing-workflows/gitflow-workflow},
  urldate = {2021-11-08}
}

@online{redhat_api,
  author  = {{Red Hat}},
  year    = {2021},
  title   = {Qué son las API y para qué sirven},
  url     = {https://www.redhat.com/es/topics/api/what-are-application-programming-interfaces},
  urldate = {2021-11-10}
}

@article{mvc_architecture,
  title     = {{El patrón de diseño Modelo-Vista-Controlador (MVC) y su implementaciónn en Java Swing}},
  journal   = {{Acta Nova}},
  author    = {Bascón Pantoja, Ernesto},
  issn      = {1683-0789},
  language  = {es},
  url       = {http://www.scielo.org.bo/scielo.php?script=sci_arttext&pid=S1683-07892004000100005&nrm=iso},
  volume    = {2},
  year      = {2004},
  month     = {12},
  pages     = {493 - 507},
  publisher = {scielobo}
}

@online{ibm_api_rest,
  author  = {{IBM Cloud Education}},
  year    = {2021},
  title   = {¿Qué es una API REST?},
  url     = {https://www.ibm.com/cl-es/cloud/learn/rest-apis},
  urldate = {2021-11-10}
}

@online{def_graphql,
  author  = {{Red Hat}},
  year    = {2019},
  title   = {What is GraphQL?},
  url     = {https://www.redhat.com/en/topics/api/what-is-graphql},
  urldate = {2021-11-10}
}

@online{ibm_testing,
  author  = {{IBM}},
  year    = {2021},
  title   = {How does software testing work?},
  url     = {https://www.ibm.com/topics/software-testing},
  urldate = {2021-11-14}
}

@online{code_smells,
  author  = {Martin Fowler},
  year    = {2006},
  title   = {CodeSmell},
  url     = {https://martinfowler.com/bliki/CodeSmell.html},
  urldate = {2021-11-15}
}

@online{pattern_mediator,
  author  = {{Refactoring Guru}},
  year    = {2021},
  title   = {Mediator},
  url     = {https://refactoring.guru/es/design-patterns/mediator},
  urldate = {2021-11-22}
}

@online{pattern_facade,
  author  = {{Refactoring Guru}},
  year    = {2021},
  title   = {Facade},
  url     = {https://refactoring.guru/es/design-patterns/facade},
  urldate = {2021-11-22}
}

@online{artemis_gem,
  author  = {Yuki Nishijima},
  year    = {2021},
  title   = {Ruby GraphQL client on Rails that actually makes you more productive},
  url     = {https://github.com/yuki24/artemis},
  urldate = {2021-11-21}
}
